@article{coreografias,
	title={Coreografias no Problema de Tr{\^e}s Corpos Restrito},
	author={Quaresma, Luciano JB and Rodrigues, Manuel E},
	journal={Revista Brasileira de Ensino de F{\'\i}sica},
	volume={41},
	number={2},
	year={2019},
	publisher={SciELO Brasil}
}


@book{Nussenzveig,
	title={Curso de Física Básica: Fluidos, Oscilações e Ondas, Calor: (vol. 2)},
	author={Nussenzveig, Herch Moys{\'e}s},
	volume={394},
	year={2013},
	publisher={Editora Blucher}
}


@article{euler1767motu,
	title={De motu rectilineo trium corporum se mutuo attrahentium},
	author={Euler, Leonhard},
	journal={Novi commentarii academiae scientiarum Petropolitanae},
	pages={144--151},
	year={1767}
}

@article{moore,
	title={Braids in classical gravity},
	author={Moore, Christopher},
	journal={Phys. Rev. Lett},
	volume={70},
	number={24},
	pages={3675--3679},
	year={1993}
}

@article{chenciner2000mathematics,
	title={Mathematics Department, Princeton University},
	author={Chenciner, Alain and Montgomery, Richard},
	journal={Annals of Mathematics},
	volume={152},
	pages={881--901},
	year={2000}
}


@misc{orbitas,
  title = {Movies of the Periodic Planar Collisionless Three-Body Orbits with unequal mass in Real Space or on Shape Sphere},
  howpublished = {\url{http://numericaltank.sjtu.edu.cn/three-body/three-body-unequal-mass-movies.htm}},
  note = {09 fev. 2020}
}


 
